%example journal article
@ARTICLE{hansen2015sgra,
	author = {Timothy M. Hansen and Robin Roche and Siddharth Suryanarayanan and Anthony A. Maciejewski and Howard Jay Siegel},
	title = {Heuristic Optimization for an Aggregator-based Resource Allocation in the {Smart Grid}},
	journal = {IEEE Transactions on Smart Grid},
	volume = {6},
	number = {4},
	pages = {1785--1794},
	year = {July 2015}
}

@ARTICLE{matpower,
	author = {Zimmerman, R. D. and Murillo-S\'{a}nchez, C. E. and Thomas, R. J.},
	title = {{MATPOWER: S}teady-state operations, planning and analysis tools for power systems research and education},
	journal = {IEEE Transactions on Power Systems},
	year = {Feb. 2011},
	volume = {26},
	pages = {12--19},
	number = {1}
}

@techreport{taxonomy_feeders,
	author = {Schneider, K P and Chen, Y and Chassin, K P and Pratt, R and Engel, D and Thompson, S},
	title = {Modern grid initiative: {Distribution} taxonomy final report},
	year = {Nov. 2008},
	url = {http://goo.gl/IJIAkf},
	institution = {Pacific Northwest National Laboratory},
	address = {Richland, WA}
}


@article{ferc_dr_2012,
	author 	= {{Federal Energy Regulatory Commission}},
	title 	= {Assessment of demand response and advanced metering},
	year 	= {Dec. 2012},
	url = {http://goo.gl/gJhV2v}
}

@ELECTRONIC{duke_energy_tou,
  author = {{Duke Energy Carolinas, LLC}},
  title = {{Residential service Time-of-Use}},
  note = {accessed: Nov. 15, 2013},
  url = {http://goo.gl/q3K8Lt}
}

%example conference paper
@INPROCEEDINGS{friese2012pdpta,
  author = {Friese, Ryan and Brinks, Tyler and Oliver, Curt and Maciejewski,
	Anthony A and Siegel, Howard Jay},
  title = {Analyzing the trade-offs between minimizing makespan and minimizing
	energy consumption in a heterogeneous resource allocation problem},
  booktitle = {2nd International Conference on Advanced Communications and Computation},
  year = {Oct. 2012},
  pages = {81--89}
}

%example book
@INBOOK{COFF76,
  title = {Computer and Job-Shop Scheduling Theory},
  publisher = {John Wiley \& Sons, New York, NY},
  year = {1976},
  author = {Coffman, E. G.}
}

@article{empty_journal,
	author 	= {},
	title 	= {},
	journal = {},
	volume 	= {},
	number 	= {},
	year 	= {},
	pages	= {}
}


@inproceedings{empty_conference,
    author 	  = {},
    title 	  = {},
    booktitle = {},
    year 	  = {},
    pages 	  = {}
}

@ELECTRONIC{matlab_template_match,
  author = {{Alaa Eleyan}},
  title = {{Template Matching}},
  note = {accessed: Sep. 4, 2020},
  url = {https://www.mathworks.com/matlabcentral/fileexchange/20061-template-matching}
}

@ELECTRONIC{dino_github_src,
  author = {{wayou}},
  title = {{T-Rex Runner Github}},
  note = {accessed: Sep. 4, 2020},
  url = {https://github.com/wayou/t-rex-runner}
}

@ELECTRONIC{dino_chromium_src,
  author = {{The Chromium Authors}},
  title = {{T-Rex Runner Chromium Source}},
  note = {accessed: Sep. 4, 2020},
  url = {https://source.chromium.org/chromium/chromium/src/+/master:components/neterror/resources/offline.js;l=7?q=t-rex%20package:%5Echromium$&ss=chromium}
}


@ELECTRONIC{SDState_HPC,
  author = {{SDSU Information Technology}},
  title = {{Research Computing}},
  note = {accessed: Sep. 4, 2020},
  url = {https://www.sdstate.edu/information-technology/research-computing}
}

@ELECTRONIC{Dino_AI,
  author = {{Code Bullet}},
  title = {{AI learns to play Google Chrome Dinosaur Game}},
  note = {accessed: Sep. 4, 2020},
  url = {https://www.youtube.com}
}
%/watch?v=sB_IGstiWlc}
